@article{pacione1989access,
  title={Access to urban services—the case of secondary schools in Glasgow},
  author={Pacione, Michael},
  journal={The Scottish Geographical Magazine},
  volume={105},
  number={1},
  pages={12--18},
  year={1989},
  publisher={Taylor \& Francis}
}
@article{ewing2004school,
  title={School location and student travel analysis of factors affecting mode choice},
  author={Ewing, Reid and Schroeer, William and Greene, William},
  journal={Transportation Research Record: Journal of the Transportation Research Board},
  number={1895},
  pages={55--63},
  year={2004},
  publisher={Transportation Research Board of the National Academies}
}
@article{haurin1996school,
  title={School quality and real house prices: Inter-and intrametropolitan effects},
  author={Haurin, Donald R and Brasington, David},
  journal={Journal of Housing economics},
  volume={5},
  number={4},
  pages={351--368},
  year={1996},
  publisher={Elsevier}
}
@article{buliung2012guest,
  title={Guest editorial: special section on child and youth mobility--current research and nascent themes},
  author={Buliung, Ron and Sultana, Selima and Faulkner, Guy},
  journal={Journal of Transport Geography},
  volume={20},
  number={1},
  pages={31--33},
  year={2012},
  publisher={Pergamon}
}
@article{easton2015,
  title={Children's travel to school—the interaction of individual, neighbourhood and school factors},
  author={Easton, Sue and Ferrari, Ed},
  journal={Transport Policy},
  volume={44},
  pages={9--18},
  year={2015},
  publisher={Elsevier}
}

@article{de2015,
  title={Changes in travel to school patterns among children and adolescents in the S{\~a}o Paulo Metropolitan Area, Brazil, 1997--2007},
  author={de S{\'a}, Thiago H{\'e}rick and Garcia, Leandro Martin Totaro and Mielke, Gr{\'e}gore Iven and Rabacow, Fabiana Maluf and de Rezende, Leandro F{\'o}rnias Machado},
  journal={Journal of Transport \& Health},
  volume={2},
  number={2},
  pages={143--150},
  year={2015},
  publisher={Elsevier}
}
@article{gomide2006,
  title={Mobilidade urbana, iniq{\"u}idade e pol{\'\i}ticas sociais},
  author={Gomide, Alexandre de {\'A}vila},
  year={2006},
  publisher={Instituto de Pesquisa Econ{\^o}mica Aplicada (Ipea)}
}


@article{jones2012,
  title={The social consequences of transport decision-making: clarifying concepts, synthesising knowledge and assessing implications},
  author={Jones, Peter and Lucas, Karen},
  journal={Journal of transport geography},
  volume={21},
  pages={4--16},
  year={2012},
  publisher={Elsevier}
}

@article{dickerson2012,
  title={The Impact of Distance to Nearest Education Institution on the Post-compulsory Education Participation Decision},
  author={Dickerson, Andy and McIntosh, Steven},
  journal={Urban Studies},
  pages={0042098012455717},
  year={2012},
  publisher={SAGE Publications}
}
@article{falch2013,
  title={Geographical constraints and educational attainment},
  author={Falch, Torberg and Lujala, P{\"a}ivi and Str{\o}m, Bjarne},
  journal={Regional Science and Urban Economics},
  volume={43},
  number={1},
  pages={164--176},
  year={2013},
  publisher={Elsevier}
}
@article{asahi2014,
  title={The impact of better School accessibility on student outcomes},
  author={Asahi, Kenzo},
  year={2014},
  publisher={The London School of Economics and Political Science, SERC Discussion Paper}
}


@inproceedings{boisjoly2016,
  title={Is Complexity Better? Assessing Accessibility Measures That Account for Daily Fluctuations in Transit and Jobs Availability},
  author={Boisjoly, Genevi{\`e}ve and El-Geneidy, Ahmed},
  booktitle={Transportation Research Board 95th Annual Meeting},
  number={16-1492},
  year={2016}
}
@article{allen1993accesibility,
  title={Accesibility measures of US metropolitan areas},
  author={Allen, W Bruce and Liu, Dong and Singer, Scott},
  journal={Transportation Research Part B: Methodological},
  volume={27},
  number={6},
  pages={439--449},
  year={1993},
  publisher={Elsevier}
}
@article{ingram1971concept,
  title={The concept of accessibility: a search for an operational form},
  author={Ingram, David R},
  journal={Regional studies},
  volume={5},
  number={2},
  pages={101--107},
  year={1971},
  publisher={Taylor \& Francis}
}
@article{geurs2004,
  title={Accessibility evaluation of land-use and transport strategies: review and research directions},
  author={Geurs, Karst T and Van Wee, Bert},
  journal={Journal of Transport geography},
  volume={12},
  number={2},
  pages={127--140},
  year={2004},
  publisher={Elsevier}
}
@article{andersson2012,
  title={Travel-to-school distances in Sweden 2000--2006: changing school geography with equality implications},
  author={Andersson, Eva and Malmberg, Bo and {\"O}sth, John},
  journal={Journal of Transport Geography},
  volume={23},
  pages={35--43},
  year={2012},
  publisher={Elsevier}
}
@article{handy_measuring_1997,
  title = {Measuring {{Accessibility}}: {{An Exploration}} of {{Issues}} and {{Alternatives}}},
  volume = {29},
  issn = {0308-518X, 1472-3409},
  url = {http://epn.sagepub.com/content/29/7/1175},
  doi = {10.1068/a291175},
  shorttitle = {Measuring {{Accessibility}}},
  timestamp = {2016-02-11T18:53:55Z},
  langid = {english},
  number = {7},
  journaltitle = {Environment and Planning A},
  shortjournal = {Environ Plan A},
  author = {Handy, S. L. and Niemeier, D. A.},
  urldate = {2016-02-11},
  date = {1997-07-01},
  pages = {1175--1194}
}
@article{hansen1959accessibility,
  title={How accessibility shapes land use},
  author={Hansen, Walter G},
  journal={Journal of the American Institute of planners},
  volume={25},
  number={2},
  pages={73--76},
  year={1959},
  publisher={Taylor \& Francis}
}
@article{shen1998location,
  title={Location characteristics of inner-city neighborhoods and employment accessibility of low-wage workers},
  author={Shen, Qing},
  journal={Environment and planning B: Planning and Design},
  volume={25},
  number={3},
  pages={345--365},
  year={1998},
  publisher={SAGE Publications}
}

@Manual{stplanr,
    title = {stplanr: Sustainable Transport Planning},
    author = {Robin Lovelace and Richard Ellison and Barry Rowlingson and Nick Bearman},
    year = {2016},
    note = {R package version 0.1.2},
    url = {https://github.com/ropensci/stplanr},
  }


